% Bibliograpia para um futuro paper sobre
% uma interface gr√°fica para visualizar geometrias
% do Serpent
%
% 07/09/2018
% Vitor Vasconcelos - vitors@cdtn.br

@techreport{Spencer2017,
author="J. B. Spencer and J. A. Kuleza and A. Sood",
title="{3D} Geometry Visualization Capability for {MCNP}",
institution="Los Alamos National Laboratory",
year="2017",
group="Monte Carlo Methods, Codes, and Applications Group",
month="June"
}

@masterthesis{Esperanca1990,
author="Claudio Esperanca",
title="Tecnicas para Visualizacao Direta de Modelos {CSG}",
school="{COPPE/UFRJ}",
year="1990",
month="June",
note="original in Portuguese"
}

@inproceedings{Boyd2015,
author = "William Boyd and Benoit Forget and Kord Smith",
title = "OpenCG: A Combinatorial Geometry Modeling Tool for Data Processing and Code Verification",
year = "2015",
booktitle = "ANS MC2015 - Joint Conference on MAthematics and Computation (MC), Supercomputing in Nuclear Applications (SNA) and the Monte Carlo (MC) Method",
eventdate = "April 19-23, 2015",
publisher = "American Nuclear Society",
location = "LaGrange Park, IL",
url = "Opencg: A Combinatorial Geometry Modeling Tool for Data Processing and Code Verification"
}

